@book{dangeti2017statistics,
  title={Statistics for machine learning},
  author={Dangeti, Pratap},
  year={2017},
  publisher={Packt Publishing Ltd}
}

@book{bonaccorso2017machine,
  title={Machine learning algorithms},
  author={Bonaccorso, Giuseppe},
  year={2017},
  publisher={Packt Publishing Ltd}
}

@book{joshi2017artificial,
  title={Artificial intelligence with python},
  author={Joshi, Prateek},
  year={2017},
  publisher={Packt Publishing Ltd}
}

@misc{mitData,
  title={Introduction to Computational Thinking and Data Science.},
  author={Grimson, Eric and Guttag, John and Bell, Ana},
  year={2016},
  publisher={Massachusetts Institute of Technology},
  organization = {MIT OpenCourseWare, https://ocw.mit.edu.}
}

@article{tang2014feature,
  title={Feature selection for classification: A review},
  author={Tang, Jiliang and Alelyani, Salem and Liu, Huan},
  journal={Data classification: algorithms and applications},
  pages={37},
  year={2014},
  publisher={CRC Press}
}

@inproceedings{scholkopf1997kernel,
  title={Kernel principal component analysis},
  author={Sch{\"o}lkopf, Bernhard and Smola, Alexander and M{\"u}ller, Klaus-Robert},
  booktitle={International conference on artificial neural networks},
  pages={583--588},
  year={1997},
  organization={Springer}
}

@inproceedings{song2007supervised,
  title={Supervised feature selection via dependence estimation},
  author={Song, Le and Smola, Alex and Gretton, Arthur and Borgwardt, Karsten M and Bedo, Justin},
  booktitle={Proceedings of the 24th international conference on Machine learning},
  pages={823--830},
  year={2007},
  organization={ACM}
}

@article{weston2003use,
  title={Use of the zero-norm with linear models and kernel methods},
  author={Weston, Jason and Elisseeff, Andr{\'e} and Sch{\"o}lkopf, Bernhard and Tipping, Mike},
  journal={Journal of machine learning research},
  volume={3},
  number={Mar},
  pages={1439--1461},
  year={2003}
}

@article{dy2004feature,
  title={Feature selection for unsupervised learning},
  author={Dy, Jennifer G and Brodley, Carla E},
  journal={Journal of machine learning research},
  volume={5},
  number={Aug},
  pages={845--889},
  year={2004}
}

@article{mitra2002unsupervised,
  title={Unsupervised feature selection using feature similarity},
  author={Mitra, Pabitra and Murthy, CA and Pal, Sankar K.},
  journal={IEEE transactions on pattern analysis and machine intelligence},
  volume={24},
  number={3},
  pages={301--312},
  year={2002},
  publisher={IEEE}
}

@inproceedings{zhao2007semi,
  title={Semi-supervised feature selection via spectral analysis},
  author={Zhao, Zheng and Liu, Huan},
  booktitle={Proceedings of the 2007 SIAM international conference on data mining},
  pages={641--646},
  year={2007},
  organization={SIAM}
}

@article{dash1997feature,
  title={Feature selection for classification},
  author={Dash, Manoranjan and Liu, Huan},
  journal={Intelligent data analysis},
  volume={1},
  number={1-4},
  pages={131--156},
  year={1997},
  publisher={Elsevier}
}

@book{liu2007computational,
  title={Computational methods of feature selection},
  author={Liu, Huan and Motoda, Hiroshi},
  year={2007},
  publisher={CRC Press}
}

@book{duda2012pattern,
  title={Pattern classification},
  author={Duda, Richard O and Hart, Peter E and Stork, David G},
  year={2012},
  publisher={John Wiley \& Sons}
}

@article{gu2012generalized,
  title={Generalized fisher score for feature selection},
  author={Gu, Quanquan and Li, Zhenhui and Han, Jiawei},
  journal={arXiv preprint arXiv:1202.3725},
  year={2012}
}

@incollection{roobaert2006information,
  title={Information gain, correlation and support vector machines},
  author={Roobaert, Danny and Karakoulas, Grigoris and Chawla, Nitesh V},
  booktitle={Feature extraction},
  pages={463--470},
  year={2006},
  publisher={Springer}
}

@inproceedings{kira1992feature,
  title={The feature selection problem: Traditional methods and a new algorithm},
  author={Kira, Kenji and Rendell, Larry A},
  booktitle={Aaai},
  volume={2},
  pages={129--134},
  year={1992}
}

@inproceedings{hall1999feature,
  title={Feature selection for machine learning: comparing a correlation-based filter approach to the wrapper.},
  author={Hall, Mark A and Smith, Lloyd A},
  booktitle={FLAIRS conference},
  volume={1999},
  pages={235--239},
  year={1999}
}

@article{guyon2003introduction,
  title={An introduction to variable and feature selection},
  author={Guyon, Isabelle and Elisseeff, Andr{\'e}},
  journal={Journal of machine learning research},
  volume={3},
  number={Mar},
  pages={1157--1182},
  year={2003}
}

@article{kohavi1997wrappers,
  title={Wrappers for feature subset selection},
  author={Kohavi, Ron and John, George H},
  journal={Artificial intelligence},
  volume={97},
  number={1-2},
  pages={273--324},
  year={1997},
  publisher={Elsevier}
}

@book{coelho2015building,
  title={Building machine learning systems with Python},
  author={Coelho, Luis Pedro and Richert, Willi},
  year={2015},
  publisher={Packt Publishing Ltd}
}

@book{guyon2008feature,
  title={Feature extraction: foundations and applications},
  author={Guyon, Isabelle and Gunn, Steve and Nikravesh, Masoud and Zadeh, Lofti A},
  volume={207},
  year={2008},
  publisher={Springer}
}

@incollection{grabczewski2006mining,
  title={Mining for complex models comprising feature selection and classification},
  author={Grabczewski, Krzysztof and Jankowski, Norbert},
  booktitle={Feature Extraction},
  pages={471--488},
  year={2006},
  publisher={Springer}
}

@book{jolliffe2011principal,
  title={Principal component analysis},
  author={Jolliffe, Ian},
  year={2011},
  publisher={Springer}
}

@incollection{neal2006high,
  title={High dimensional classification with Bayesian neural networks and Dirichlet diffusion trees},
  author={Neal, Radford M and Zhang, Jianguo},
  booktitle={Feature Extraction},
  pages={265--296},
  year={2006},
  publisher={Springer}
}

@article{balakrishnama1998linear,
  title={Linear discriminant analysis-a brief tutorial},
  author={Balakrishnama, Suresh and Ganapathiraju, Aravind},
  journal={Institute for Signal and information Processing},
  volume={18},
  pages={1--8},
  year={1998}
}

@article{shiffman2012nature,
  title={The Nature of Code: Chapter 10},
  author={Shiffman, Daniel},
  journal={Neural Networks},
  year={2012}
}

@article{rosenblatt1958perceptron,
  title={The perceptron: a probabilistic model for information storage and organization in the brain.},
  author={Rosenblatt, Frank},
  journal={Psychological review},
  volume={65},
  number={6},
  pages={386},
  year={1958},
  publisher={American Psychological Association}
}


@article{czepiel2002maximum,
  title={Maximum likelihood estimation of logistic regression models: theory and implementation},
  author={Czepiel, Scott A},
  journal={Available at czep. net/stat/mlelr. pdf},
  year={2002}
}

@article{rao1948tests,
  title={Tests of significance in multivariate analysis},
  author={Rao, C Radhakrishna},
  journal={Biometrika},
  volume={35},
  number={1/2},
  pages={58--79},
  year={1948},
  publisher={JSTOR}
}

@article{breiman2001random,
  title={Random forests},
  author={Breiman, Leo},
  journal={Machine learning},
  volume={45},
  number={1},
  pages={5--32},
  year={2001},
  publisher={Springer}
}

@article{cortes1995support,
  title={Support-vector networks},
  author={Cortes, Corinna and Vapnik, Vladimir},
  journal={Machine learning},
  volume={20},
  number={3},
  pages={273--297},
  year={1995},
  publisher={Springer}
}

@article{parizeau2004perceptron,
  title={Le perceptron multicouche et son algorithme de r{\'e}tropropagation des erreurs},
  author={Parizeau, Marc},
  journal={d{\'e}partement de g{\'e}nie {\'e}lectrique et de g{\'e}nie informatique, Universit{\'e} de laval},
  year={2004}
}



@article{kendall1938new,
  title={A new measure of rank correlation},
  author={Kendall, Maurice G},
  journal={Biometrika},
  volume={30},
  number={1/2},
  pages={81--93},
  year={1938},
  publisher={JSTOR}
}

@article{cohen1960coefficient,
  title={A coefficient of agreement for nominal scales},
  author={Cohen, Jacob},
  journal={Educational and Psychological Measurement},
  volume={20},
  number={1},
  pages={37--46},
  year={1960},
  publisher={Sage Publications Sage CA: Thousand Oaks, CA}
}


@article{zoubir1998bootstrap,
  title={The bootstrap and its application in signal processing},
  author={Zoubir, Abdelhak M and Boashash, B},
  journal={IEEE signal processing magazine},
  volume={15},
  number={1},
  pages={56--76},
  year={1998},
  publisher={IEEE}
}

@book{le2010multiple,
  title={Multiple correspondence analysis},
  author={Le Roux, Brigitte and Rouanet, Henry},
  volume={163},
  year={2010},
  publisher={Sage}
}

@book{escofier2008analyses,
  title={Analyses factorielles simples et multiples. Objectifs m{\'e}thodes et interpr{\'e}tation},
  author={Escofier, Brigitte and Pag{\`e}s, J{\'e}r{\^o}me},
  year={2008},
  publisher={Dunod}
}